<?xml version="1.0" encoding="UTF-8"?>
<OAI-PMH xmlns="http://www.openarchives.org/OAI/2.0/" xmlns:xsi="http://www.w3.org/2001/XMLSchema-instance" xsi:schemaLocation="http://www.openarchives.org/OAI/2.0/ http://www.openarchives.org/OAI/2.0/OAI-PMH.xsd">
<ListRecords>
<record>
<header status="updated">
<identifier>urm_publish:71292762870002121</identifier>
</header>
<metadata>
<record xmlns="http://www.loc.gov/MARC21/slim" xmlns:xsi="http://www.w3.org/2001/XMLSchema-instance" xsi:schemaLocation="http://www.loc.gov/MARC21/slim http://www.loc.gov/standards/marcxml/schema/MARC21slim.xsd" ><leader>00857fam a2200289   4500</leader><controlfield tag="005">20090325134845.0</controlfield><controlfield tag="008">720822s1972    nyua     b    00100 eng  </controlfield><controlfield tag="001">999621284702121</controlfield><datafield tag="010" ind1=" " ind2=" "><subfield code="a">   71184934 </subfield></datafield><datafield tag="020" ind1=" " ind2=" "><subfield code="a">006042575X</subfield></datafield><datafield tag="035" ind1=" " ind2=" "><subfield code="a">(OCoLC)00402230</subfield></datafield><datafield tag="035" ind1=" " ind2=" "><subfield code="9">ALY5488UW</subfield></datafield><datafield tag="035" ind1=" " ind2=" "><subfield code="a">(WU)1711057-uwmadisondb</subfield></datafield><datafield tag="040" ind1=" " ind2=" "><subfield code="a">DLC</subfield><subfield code="b">eng</subfield><subfield code="c">DLC</subfield><subfield code="d">m.c.</subfield></datafield><datafield tag="090" ind1=" " ind2=" "><subfield code="a">G128</subfield><subfield code="b">.H3</subfield></datafield><datafield tag="100" ind1="1" ind2=" "><subfield code="a">Haggett, Peter.</subfield><subfield code="2">LCNAMES</subfield><subfield code="0">41-LIBRARY_OF_CONGRESS-n  79150313</subfield><subfield code="9">Y</subfield></datafield><datafield tag="245" ind1="1" ind2="0"><subfield code="a">Geography: a modern synthesis.</subfield></datafield><datafield tag="264" ind1=" " ind2="1"><subfield code="a">New York :</subfield><subfield code="b">Harper &amp; Row,</subfield><subfield code="c">[1972]</subfield></datafield><datafield tag="300" ind1=" " ind2=" "><subfield code="a">xx, 483 pages :</subfield><subfield code="b">illustrations ;</subfield><subfield code="c">24 cm.</subfield></datafield><datafield tag="336" ind1=" " ind2=" "><subfield code="a">text</subfield><subfield code="b">txt</subfield><subfield code="2">rdacontent</subfield></datafield><datafield tag="337" ind1=" " ind2=" "><subfield code="a">unmediated</subfield><subfield code="b">n</subfield><subfield code="2">rdamedia</subfield></datafield><datafield tag="338" ind1=" " ind2=" "><subfield code="a">volume</subfield><subfield code="b">nc</subfield><subfield code="2">rdacarrier</subfield></datafield><datafield tag="490" ind1="1" ind2=" "><subfield code="a">Harper &amp; Row series in geography</subfield></datafield><datafield tag="504" ind1=" " ind2=" "><subfield code="a">Includes bibliographies.</subfield></datafield><datafield tag="650" ind1=" " ind2="0"><subfield code="a">Geography</subfield><subfield code="v">Textbooks.</subfield><subfield code="2">LCSH</subfield><subfield code="0">41-LIBRARY_OF_CONGRESS-sh 85054005</subfield><subfield code="9">Y</subfield></datafield><datafield tag="830" ind1=" " ind2="0"><subfield code="a">Harper &amp; Row series in geography.</subfield><subfield code="2">LCNAMES</subfield><subfield code="0">41-LIBRARY_OF_CONGRESS-n  42012350</subfield><subfield code="9">Y</subfield></datafield><datafield tag="997" ind1=" " ind2=" "><subfield code="a">MARCIVE</subfield></datafield><datafield tag="830" ind1=" " ind2="0"><subfield code="a">Harper and Row series in geography</subfield><subfield code="2">LCNAMES</subfield><subfield code="0">41-LIBRARY_OF_CONGRESS-n  42012350</subfield><subfield code="9">N</subfield></datafield><datafield tag="100" ind1="1" ind2=" "><subfield code="a">Haggett, P.</subfield><subfield code="q">(Peter)</subfield><subfield code="2">LCNAMES</subfield><subfield code="0">41-LIBRARY_OF_CONGRESS-n  79150313</subfield><subfield code="9">N</subfield></datafield><datafield tag="INST" ind1=" " ind2=" "><subfield code="a">01UWI_NETWORK</subfield><subfield code="b">P</subfield><subfield code="c">71292762870002121</subfield></datafield><datafield tag="INST" ind1=" " ind2=" "><subfield code="a">01UWI_LC</subfield><subfield code="b">P</subfield><subfield code="c">21102688940002125</subfield></datafield><datafield tag="INST" ind1=" " ind2=" "><subfield code="a">01UWI_MAD</subfield><subfield code="b">P</subfield><subfield code="c">21542865290002122</subfield></datafield><datafield tag="INST" ind1=" " ind2=" "><subfield code="a">01UWI_ML</subfield><subfield code="b">P</subfield><subfield code="c">21205357620002124</subfield></datafield><datafield tag="INST" ind1=" " ind2=" "><subfield code="a">01UWI_GB</subfield><subfield code="b">P</subfield><subfield code="c">2148528650002123</subfield></datafield><datafield tag="INST" ind1=" " ind2=" "><subfield code="a">01UWI_OSH</subfield><subfield code="b">P</subfield><subfield code="c">2169760200002126</subfield></datafield><datafield tag="AVA" ind1=" " ind2=" "><subfield code="0">991482973402125</subfield><subfield code="8">22102688930002125</subfield><subfield code="a">01UWI_LC</subfield><subfield code="b">LAXMUR</subfield><subfield code="c">2nd Floor Stacks</subfield><subfield code="d">G128 .H3</subfield><subfield code="e">available</subfield><subfield code="f">1</subfield><subfield code="g">0</subfield><subfield code="j">stax</subfield><subfield code="k">0</subfield><subfield code="p">1</subfield><subfield code="q">UW La Crosse Murphy Library</subfield></datafield><datafield tag="AVA" ind1=" " ind2=" "><subfield code="0">9917110573602122</subfield><subfield code="8">22854728280002122</subfield><subfield code="a">01UWI_MAD</subfield><subfield code="b">REMOTE</subfield><subfield code="c">by request only</subfield><subfield code="d">G128 H3</subfield><subfield code="e">available</subfield><subfield code="f">1</subfield><subfield code="g">0</subfield><subfield code="j">vsf</subfield><subfield code="k">0</subfield><subfield code="p">1</subfield><subfield code="q">Verona Shelving Facility</subfield></datafield><datafield tag="AVA" ind1=" " ind2=" "><subfield code="0">9915068853402124</subfield><subfield code="8">22205357610002124</subfield><subfield code="a">01UWI_ML</subfield><subfield code="b">MIL</subfield><subfield code="c">American Geographical Society Library</subfield><subfield code="d">G128 .H3 1972</subfield><subfield code="e">available</subfield><subfield code="f">1</subfield><subfield code="g">0</subfield><subfield code="j">agsstk</subfield><subfield code="k">0</subfield><subfield code="p">1</subfield><subfield code="q">UW Milwaukee</subfield></datafield><datafield tag="AVA" ind1=" " ind2=" "><subfield code="0">991303093402123</subfield><subfield code="8">2248528640002123</subfield><subfield code="a">01UWI_GB</subfield><subfield code="b">GB</subfield><subfield code="c">Stacks (A-P on 6th floor, Q-Z on 5th right rear)</subfield><subfield code="d">G128 .H3</subfield><subfield code="e">available</subfield><subfield code="f">1</subfield><subfield code="g">0</subfield><subfield code="j">stax</subfield><subfield code="k">0</subfield><subfield code="p">1</subfield><subfield code="q">UW Green Bay</subfield></datafield><datafield tag="AVA" ind1=" " ind2=" "><subfield code="0">991029563502126</subfield><subfield code="8">2269760190002126</subfield><subfield code="a">01UWI_OSH</subfield><subfield code="b">OSH</subfield><subfield code="c">Books (A-E 2nd South, F-PN 2nd North, PQ-Z 3rd North)</subfield><subfield code="d">G128 .H3</subfield><subfield code="e">available</subfield><subfield code="f">1</subfield><subfield code="g">0</subfield><subfield code="j">main</subfield><subfield code="k">0</subfield><subfield code="p">1</subfield><subfield code="q">Polk Library</subfield></datafield><datafield tag="MMS" ind1=" " ind2=" "><subfield code="b">999621284702121</subfield><subfield code="a">01UWI_NETWORK</subfield></datafield><datafield tag="MMS" ind1=" " ind2=" "><subfield code="b">991482973402125</subfield><subfield code="a">01UWI_LC</subfield></datafield><datafield tag="MMS" ind1=" " ind2=" "><subfield code="b">9917110573602122</subfield><subfield code="a">01UWI_MAD</subfield></datafield><datafield tag="MMS" ind1=" " ind2=" "><subfield code="b">9915068853402124</subfield><subfield code="a">01UWI_ML</subfield></datafield><datafield tag="MMS" ind1=" " ind2=" "><subfield code="b">991303093402123</subfield><subfield code="a">01UWI_GB</subfield></datafield><datafield tag="MMS" ind1=" " ind2=" "><subfield code="b">991029563502126</subfield><subfield code="a">01UWI_OSH</subfield></datafield></record>
</metadata>
</record>
</ListRecords>
</OAI-PMH>